
@ARTICLE{Grizzle,
  author = {Grizzle, J. W. and Moog, Claude H. and Chevallereau, Christine},
  title = {Nonlinear control of mechanical systems with an unactuated cyclic
	variable.},
  journal = {IEEE Trans. Automat. Contr.},
  year = {2005},
  volume = {50},
  pages = {559-576},
  number = {5}
}





@article{Respondek_2019,
author = {Li, Shunjie and Moog, Claude and Respondek, Witold},
year = {2019},
month = {03},
title = {Maximal feedback linearization and its internal dynamics with applications to mechanical systems on ${R}^4$},
journal = {International Journal of Robust and Nonlinear Control},
volume = {29},
number = {9},
pages = {2639-2659},
doi = {10.1002/rnc.4507}
}



@INPROCEEDINGS{kobayashi,
  author = {Komine, T. and Suzuki, S. and Iwase, M. and Furuta, K.},
  title = {Swing-up and balancing control of acrobot},
  booktitle = {Proceedings of the SICE Annual Conference},
  year = {2002},
  editor = { },
  pages = {3072-3075}
}


@CONFERENCE{virtual_friction,
  author = {She, J.-H. and Lai, X.-Z. and Xin, X. and Guo, L.-L.},
  title = {A rewinding approach to motion planning for acrobot based on virtual
	friction},
  year = {2010},
  pages = {471-476},
  art_number = {5472756},
  document_type = {Conference Paper},
  journal = {Proceedings of the IEEE International Conference on Industrial Technology}
}

@INPROCEEDINGS{existence_1,
  author = {Xin, Xin and Kousuke, Juuri and Yannian, Liu and Changyin, Sun},
  title = {Existence and design of reduced-order stable controllers for two-link
	underactuated planar robots},
  booktitle = {CDC},
  year = {2012},
  pages = {4971-4976}
}

@INPROCEEDINGS{existence_2,
  author = {Xin, Xin and Yannian, Liu},
  title = {Reduced-order stable stabilizing controllers for remotely driven
	acrobot: Existence and design method},
  booktitle = {ICCA},
  year = {2013},
  pages = {1627-1632}
}



@INPROCEEDINGS{approximate,
  author = {Yamada,K. and Yuzawa,A.},
  title = {Approximate feedback linearization for nonlinear systems and its
	application to the ACROBOT},
  booktitle = {Proceedings of the American Control Conference},
  year = {2002},
  editor = { },
  volume = {2},
  pages = {1672-1677}
}

@INPROCEEDINGS{output_fun,
  author = {Yonemura,T. and Yamakita,M.},
  title = {Swing up control of Acrobot based on switched output functions},
  booktitle = {Proceedings of the SICE Annual Conference},
  year = {2004},
  editor = { },
  pages = {1387-1392}
}





phdthesis{olfati,
author = {Olfati-Saber, R.},
title = {Nonlinear Control of Underactuated Mechanical Systems with Application to Robotics and Aerospace Vehicles},
type = {PhD},
institution = {MIT},
date = {2001},
OPTsubtitle = {subtitle},
OPTtitleaddon = {titleaddon},
OPTlanguage = {language},
OPTnote = {note},
OPTlocation = {location},
OPTmonth = {February},
OPTisbn = {isbn},
OPTchapter = {chapter},
OPTpages = {pages},
OPTpagetotal = {pagetotal},
OPTaddendum = {addendum},
OPTpubstate = {pubstate},
OPTdoi = {doi},
OPTeprint = {eprint},
OPTeprintclass = {eprintclass},
OPTeprinttype = {eprinttype},
OPTurl = {url},
OPTurldate = {urldate},
}


@phdthesis{olfati,
author = {Olfati-Saber, R.},
title = {Nonlinear Control of Underactuated Mechanical Systems with Application to Robotics and Aerospace Vehicles},
  school       = {MIT},
  year         = {2001},
  month        = {February},
}





@INPROCEEDINGS{Spong_partial,
author={M. W. {Spong}},
booktitle={Proceedings of IEEE/RSJ International Conference on Intelligent Robots and Systems (IROS'94)},
title={Partial feedback linearization of underactuated mechanical systems},
year={1994},
volume={1},
number={},
pages={314-321 vol.1},
ISSN={},
month={Sep.},}





@article{tuning_itae,
author = {Martins, Fernando},
year = {2005},
month = {01},
pages = {},
title = {Tuning PID controllers using the ITAE criterion},
volume = {21},
journal = {International Journal of Engineering Education}
}



@unknown{grecki_lqr,
author = {Moysis, Lazaros},
year = {2016},
month = {04},
pages = {},
title = {Balancing a double inverted pendulum using optimal control and Laguerre functions},
doi = {10.13140/RG.2.1.2948.6486}
}



@ARTICLE{spong_swingup,
author={M. W. {Spong}},
journal={IEEE Control Systems Magazine},
title={The swing up control problem for the Acrobot},
year={1995},
volume={15},
number={1},
pages={49-55},
keywords={mobile robots;linearisation techniques;feedback;swing up control problem;Acrobot;underactuated mechanical systems;two-degree-of-freedom planar robot;partial feedback linearization;zero dynamics;Robot kinematics;Actuators;Mobile robots;Orbital robotics;Control systems;Mechanical systems;Linear feedback control systems;Algorithm design and analysis;Robotics and automation;Equations},
doi={10.1109/37.341864},
ISSN={},
month={Feb},}







@book{human_motion_ksiazka,
author = {Abdel-Malek, Karim and Arora, Jasbir},
year = {2013},
month = {06},
pages = {},
title = {Human Motion Simulation: Predictive Dynamics},
isbn = {9780124051904},
publisher = {Elsevier Inc.},
}



@INPROCEEDINGS{med_swing_saturation,
author={E. {Franco}},
booktitle={2019 27th Mediterranean Conference on Control and Automation (MED)},
title={Energy-based design of elastic joints for inverted pendulum systems with input saturation},
year={2019},
volume={},
number={},
pages={7-12},
keywords={closed loop systems;control nonlinearities;control system synthesis;elasticity;nonlinear control systems;pendulums;energy-based design;elastic joints;input saturation;balancing control;underactuated inverted pendulum systems;potential-energy shaping principles;energy-shaping control;analytical design guidelines;inertia-wheel pendulum;Acrobot system;closed loop systems;Heating systems;Coolants;Microchannels;Optimization;Geometry;Liquid cooling;Underactuated systems;Nonlinear Control},
doi={10.1109/MED.2019.8798558},
ISSN={},
month={July},}



@INPROCEEDINGS{swing_algoritmic,
author={R. {De Almeida} and O. {Nyandoro}},
booktitle={2017 Pattern Recognition Association of South Africa and Robotics and Mechatronics (PRASA-RobMech)},
title={Swing-up control of the acrobot using noncollocated partial feedback linearisation: An algorithmic approach},
year={2017},
volume={},
number={},
pages={98-103},
keywords={control system synthesis;feedback;linearisation techniques;nonlinear control systems;pendulums;robot dynamics;search problems;stability;state feedback;trajectory control;satisfactory NCPFL-related swing-up;angular initial conditions;adapted binary search algorithm;specifically configured Acrobot;existing actuator;initial angular condition;upright state;desirable trajectory;distal pendulum;linearised proximal pendulum;upright equilibrium point;linear state feedback control law;algorithmic approach;noncollocated partial feedback linearisation;swing-up control;Adaptation models;Trajectory;Actuators;Robots;Mechanical systems;Mathematical model;Mechatronic systems;Swing-up control;Binary search algorithm},
doi={10.1109/RoboMech.2017.8261130},
ISSN={},
month={Nov},}




@INPROCEEDINGS{takami_inversequadrat,
author={N. {Hannouda} and H. {Takami}},
booktitle={2018 International Conference on Control, Automation and Diagnosis (ICCAD)},
title={Control of Acrobot Using Inverse Linear Quadratic Method},
year={2018},
volume={},
number={},
pages={1-4},
keywords={actuators;control system synthesis;linear quadratic control;manipulators;nonlinear control systems;single actuator;Acrobot;single system input;nonlinear control;optimal control system design;inverse linear quadratic design method;unstable robot;ILQ design method;numerical simulation;Acrobot;under-actuated;robotics;ILQ design method;state feedback control;nonlinear control},
doi={10.1109/CADIAG.2018.8751294},
ISSN={},
month={March},}



@INPROCEEDINGS{xin_swing,
author={X. {Xin} and M. {Kaneda}},
booktitle={Proceedings of the 41st IEEE Conference on Decision and Control, 2002.},
title={The swing up control for the Acrobot based on energy control approach},
year={2002},
volume={3},
number={},
pages={3261-3266 vol.3},
keywords={mobile robots;Lyapunov methods;closed loop systems;control system synthesis;swing up control;Acrobot;energy control approach;convergence analysis;Lyapunov stability theory;potential energy;homoclinic orbit;top upright position;closed-loop system;Potential energy;Lyapunov method;Robots;Actuators;Convergence;Control systems;Torque control;Mechanical systems;Stability analysis;Shoulder},
doi={10.1109/CDC.2002.1184374},
ISSN={},
month={Dec},}




@INPROCEEDINGS{xin_swing_new,
author={ Xin, Xin and M. {Kaneda}},
booktitle={2004 43rd IEEE Conference on Decision and Control (CDC) (IEEE Cat. No.04CH37601)},
title={New analytical results of the energy based swinging up control of the Acrobot},
year={2004},
volume={1},
number={},
pages={704-709 Vol.1},
keywords={motion control;robots;power control;closed loop systems;swinging up control;Acrobot;underactuated mechanical systems;closed-loop system;energy based control;Control systems;Motion analysis;Convergence;Motion control;Mechanical systems;Robots;Actuators;Power engineering and energy;Algorithm design and analysis;Shoulder},
doi={10.1109/CDC.2004.1428728},
ISSN={},
month={Dec},}





@INPROCEEDINGS{balance_3link_acrobot,
author={F. {Xue} and Z. {Hou} and H. {Deng}},
booktitle={2011 Chinese Control and Decision Conference (CCDC)},
title={Balance control for an acrobot},
year={2011},
volume={},
number={},
pages={3426-3429},
keywords={genetic algorithms;linear quadratic control;robots;balance control;balancing controller;LQR approach;GA method;three-link acrobot;actuation model;dynamic model;genetic algorithms;Torque;Mathematical model;Genetic algorithms;Robots;Actuators;Joints;Simulation;Acrobot;Balance control;LQR;GA},
doi={10.1109/CCDC.2011.5968708},
ISSN={},
month={May},}




@INPROCEEDINGS{robust_swingup,
author={S. {Lee} and M. {Eom} and D. {Chwa}},
booktitle={2015 15th International Conference on Control, Automation and Systems (ICCAS)},
title={Robust swing up and balancing control of the acrobot based on a disturbance observer},
year={2015},
volume={},
number={},
pages={48-53},
keywords={actuators;compensation;control system synthesis;feedback;limit cycles;linear quadratic control;linearisation techniques;observers;robust control;disturbance effect minimization;compensation scheme;sinusoidal disturbance;sinusoidal signal;unstable equilibrium point;limit cycle phenomenon;nominal acrobot system control;LQR control method;partial-feedback linearization;disturbance observer;robust swing up-and-balancing control;Observers;Robustness;Cutoff frequency;Time-frequency analysis;Acceleration;Switches;Acrobot system;disturbance observer;robustness;limit cycle phenomenon;sinusoidal disturbance},
doi={10.1109/ICCAS.2015.7364877},
ISSN={},
month={Oct},}



@INPROCEEDINGS{elastic_2019,
author={E. {Franco}},
booktitle={2019 27th Mediterranean Conference on Control and Automation (MED)},
title={Energy-based design of elastic joints for inverted pendulum systems with input saturation},
year={2019},
volume={},
number={},
pages={7-12},
keywords={closed loop systems;control nonlinearities;control system synthesis;elasticity;nonlinear control systems;pendulums;energy-based design;elastic joints;input saturation;balancing control;underactuated inverted pendulum systems;potential-energy shaping principles;energy-shaping control;analytical design guidelines;inertia-wheel pendulum;Acrobot system;closed loop systems;Heating systems;Coolants;Microchannels;Optimization;Geometry;Liquid cooling;Underactuated systems;Nonlinear Control},
doi={10.1109/MED.2019.8798558},
ISSN={},
month={July},}







@mastersthesis{bartkowiak,
  author       = {Bartkowiak, Patryk}, 
  title        = {Control of 2 {DOF} planar underactuated manipulator},
  school       = {Poznan University of Technology},
  year         = 2019,
  language     = {polish},
  note		   = {in Polish},
}




@article{michalski_1_noga,
author = {Koz\l{}owski, K and Pazderski, D. and Michalski, M. and Kowalski, M.},
year = {2008},
month = {06},
title = {SENSORY SYSTEM OF FOUR-LEGGED WALKING ROBOT WR-06},
journal = { Elektronika - konstrukcje, technologie, zastosowania},
pages = {188-190},
note		   = {in Polish},
}




